@article{roskoski2016classification,
  title={Classification of small molecule protein kinase inhibitors based upon the structures of their drug-enzyme complexes},
  author={Roskoski, Robert},
  journal={Pharmacological research},
  volume={103},
  pages={26--48},
  year={2016},
  publisher={Elsevier}
}
@article{manning2002protein,
  title={The protein kinase complement of the human genome},
  author={Manning, Gerard and Whyte, David B and Martinez, Ricardo and Hunter, Tony and Sudarsanam, Sucha},
  journal={Science},
  volume={298},
  number={5600},
  pages={1912--1934},
  year={2002},
  publisher={American Association for the Advancement of Science}
}
@article{wu2015fda,
  title={FDA-approved small-molecule kinase inhibitors},
  author={Wu, Peng and Nielsen, Thomas E and Clausen, Mads H},
  journal={Trends in pharmacological sciences},
  volume={36},
  number={7},
  pages={422--439},
  year={2015},
  publisher={Elsevier}
}
@article{taylor2011protein,
  title={Protein kinases: evolution of dynamic regulatory proteins},
  author={Taylor, Susan S and Kornev, Alexandr P},
  journal={Trends in biochemical sciences},
  volume={36},
  number={2},
  pages={65--77},
  year={2011},
  publisher={Elsevier}
}
@article{robak2012tyrosine,
  title={Tyrosine kinase inhibitors as potential drugs for B-cell lymphoid malignancies and autoimmune disorders},
  author={Robak, Tadeusz and Robak, Ewa},
  journal={Expert opinion on investigational drugs},
  volume={21},
  number={7},
  pages={921--947},
  year={2012},
  publisher={Taylor \& Francis}
}
@article{akinleye2014ibrutinib,
  title={Ibrutinib and indolent B-cell lymphomas},
  author={Akinleye, Akintunde and Furqan, Muhammad and Adekunle, Oluwaseyi},
  journal={Clinical Lymphoma Myeloma and Leukemia},
  volume={14},
  number={4},
  pages={253--260},
  year={2014},
  publisher={Elsevier}
}
@article{fabbro2015ten,
  title={Ten things you should know about protein kinases: IUPHAR Review 14},
  author={Fabbro, Doriano and Cowan-Jacob, Sandra W and Moebitz, Henrik},
  journal={British journal of pharmacology},
  volume={172},
  number={11},
  pages={2675--2700},
  year={2015},
  publisher={Wiley Online Library}
}
@article{cowan2009structural,
  title={Structural biology contributions to tyrosine kinase drug discovery},
  author={Cowan-Jacob, Sandra W and M{\"o}bitz, Henrik and Fabbro, Doriano},
  journal={Current opinion in cell biology},
  volume={21},
  number={2},
  pages={280--287},
  year={2009},
  publisher={Elsevier}
}
@article{lamba2012new,
  title={New directions in targeting protein kinases: focusing upon true allosteric and bivalent inhibitors},
  author={Lamba, Vandana and Ghosh, Indraneel},
  journal={Current pharmaceutical design},
  volume={18},
  number={20},
  pages={2936--2945},
  year={2012},
  publisher={Bentham Science Publishers}
}
@article{barnett2005identification,
  title={Identification and characterization of pleckstrin-homology-domain-dependent and isoenzyme-specific Akt inhibitors},
  author={Barnett, Stanley F and Defeo-Jones, Deborah and Sheng, FU and Hancock, Paula J and Kathleen, M and Jones, Raymond E and Kahana, Jason A and LEANDER, Karen and MALINOWSKI, John and McAVOY, Elizabeth M and others},
  journal={Biochemical Journal},
  volume={385},
  number={2},
  pages={399--408},
  year={2005},
  publisher={Portland Press Limited}
}
@article{rakshambikai2015typical,
  title={Typical and atypical domain combinations in human protein kinases: functions, disease causing mutations and conservation in other primates},
  author={Rakshambikai, Ramaswamy and Manoharan, Malini and Gnanavel, Mutharasu and Srinivasan, Narayanaswamy},
  journal={RSC Advances},
  volume={5},
  number={32},
  pages={25132--25148},
  year={2015},
  publisher={Royal Society of Chemistry}
}
@article{duong2013human,
  title={The human kinome and kinase inhibition},
  author={Duong-Ly, Krisna C and Peterson, Jeffrey R},
  journal={Current protocols in pharmacology},
  pages={2--9},
  year={2013},
  publisher={Wiley Online Library}
}
@Misc{kinbase,
title = {kinbase},
howpublished = {http://www.kinase.com/kinbase/}
}
@article{buzko2002kinase,
  title={A kinase sequence database: sequence alignments and family assignment},
  author={Buzko, Oleksandr and Shokat, Kevan M},
  journal={Bioinformatics},
  volume={18},
  number={9},
  pages={1274--1275},
  year={2002},
  publisher={Oxford Univ Press}
}
@article{chiu2012kidfammap,
  title={KIDFamMap: a database of kinase-inhibitor-disease family maps for kinase inhibitor selectivity and binding mechanisms},
  author={Chiu, Yi-Yuan and Lin, Chih-Ta and Huang, Jhang-Wei and Hsu, Kai-Cheng and Tseng, Jen-Hu and You, Syuan-Ren and Yang, Jinn-Moon},
  journal={Nucleic acids research},
  volume={41},
  number={D1},
  pages={D430--D440},
  year={2012},
  publisher={Oxford University Press}
}
@Misc{gene3d,
title = {gene3d},
howpublished = {http://gene3d.biochem.ucl.ac.uk/}
}
@article{knapp2013public,
  title={A public-private partnership to unlock the untargeted kinome},
  author={Knapp, Stefan and Arruda, Paulo and Blagg, Julian and Burley, Stephen and Drewry, David H and Edwards, Aled and Fabbro, Doriano and Gillespie, Paul and Gray, Nathanael S and Kuster, Bernhard and others},
  journal={Nature chemical biology},
  volume={9},
  number={1},
  pages={3--6},
  year={2013},
  publisher={Nature Research}
}
@article{gaulton2016chembl,
  title={The ChEMBL database in 2017},
  author={Gaulton, Anna and Hersey, Anne and Nowotka, Micha{\l} and Bento, A Patr{\'\i}cia and Chambers, Jon and Mendez, David and Mutowo, Prudence and Atkinson, Francis and Bellis, Louisa J and Cibri{\'a}n-Uhalte, Elena and others},
  journal={Nucleic acids research},
  volume={45},
  number={D1},
  pages={D945--D954},
  year={2016},
  publisher={Oxford University Press}
}
@article{cheng2014quantitative,
  title={Quantitative network mapping of the human kinome interactome reveals new clues for rational kinase inhibitor discovery and individualized cancer therapy},
  author={Cheng, Feixiong and Jia, Peilin and Wang, Quan and Zhao, Zhongming},
  journal={Oncotarget},
  volume={5},
  number={11},
  pages={3697},
  year={2014},
  publisher={Impact Journals, LLC}
}
@article{colinge2014building,
  title={Building and exploring an integrated human kinase network: global organization and medical entry points},
  author={Colinge, Jacques and C{\'e}sar-Razquin, Adri{\'a}n and Huber, Kilian and Breitwieser, Florian P and M{\'a}jek, Peter and Superti-Furga, Giulio},
  journal={Journal of proteomics},
  volume={107},
  pages={113--127},
  year={2014},
  publisher={Elsevier}
}
@article{brazil2001ten,
  title={Ten years of protein kinase B signalling: a hard Akt to follow},
  author={Brazil, Derek P and Hemmings, Brian A},
  journal={Trends in biochemical sciences},
  volume={26},
  number={11},
  pages={657--664},
  year={2001},
  publisher={Elsevier}
}
@article{knippschild2005role,
  title={The role of the casein kinase 1 (CK1) family in different signaling pathways linked to cancer development},
  author={Knippschild, Uwe and Wolff, Sonja and Giamas, Georgios and Brockschmidt, Claas and Wittau, Mathias and W{\"u}rl, Peter Uwe and Eismann, Thorsten and St{\"o}ter, Martin},
  journal={Oncology Research and Treatment},
  volume={28},
  number={10},
  pages={508--514},
  year={2005},
  publisher={Karger Publishers}
}
@inproceedings{tsai2013molecular,
  title={The molecular basis of targeting protein kinases in cancer therapeutics},
  author={Tsai, Chung-Jung and Nussinov, Ruth},
  booktitle={Seminars in cancer biology},
  volume={23},
  pages={235--242},
  year={2013},
  organization={Elsevier}
}
@article{hossam2016covalent,
  title={Covalent EGFR Inhibitors: Binding Mechanisms, Synthetic Approaches, and Clinical Profiles},
  author={Hossam, Monia and Lasheen, Deena S and Abouzid, Khaled AM},
  journal={Archiv der Pharmazie},
  volume={349},
  number={8},
  pages={573--593},
  year={2016},
  publisher={Wiley Online Library}
}
@article{park2012erlotinib,
  title={Erlotinib binds both inactive and active conformations of the EGFR tyrosine kinase domain},
  author={Park, Jin H and Liu, Yingting and Lemmon, Mark A and Radhakrishnan, Ravi},
  journal={Biochemical Journal},
  volume={448},
  number={3},
  pages={417--423},
  year={2012},
  publisher={Portland Press Limited}
}
@article{dranchak2013profile,
  title={Profile of the GSK published protein kinase inhibitor set across ATP-dependent and-independent luciferases: implications for reporter-gene assays},
  author={Dranchak, Patricia and MacArthur, Ryan and Guha, Rajarshi and Zuercher, William J and Drewry, David H and Auld, Douglas S and Inglese, James},
  journal={PloS one},
  volume={8},
  number={3},
  pages={e57888},
  year={2013},
  publisher={Public Library of Science}
}
@article{anastassiadis2011comprehensive,
  title={Comprehensive assay of kinase catalytic activity reveals features of kinase inhibitor selectivity},
  author={Anastassiadis, Theonie and Deacon, Sean W and Devarajan, Karthik and Ma, Haiching and Peterson, Jeffrey R},
  journal={Nature biotechnology},
  volume={29},
  number={11},
  pages={1039--1045},
  year={2011},
  publisher={Nature Research}
}
@article{elkins2016comprehensive,
  title={Comprehensive characterization of the published kinase inhibitor set},
  author={Elkins, Jonathan M and Fedele, Vita and Szklarz, Marta and Azeez, Kamal R Abdul and Salah, Eidarus and Mikolajczyk, Jowita and Romanov, Sergei and Sepetov, Nikolai and Huang, Xi-Ping and Roth, Bryan L and others},
  journal={Nature biotechnology},
  volume={34},
  number={1},
  pages={95},
  year={2016},
  publisher={Nature Publishing Group}
}
@article{hanks1995protein,
  title={Protein kinases 6. The eukaryotic protein kinase superfamily: kinase (catalytic) domain structure and classification.},
  author={Hanks, Steven K and Hunter, Tony},
  journal={The FASEB journal},
  volume={9},
  number={8},
  pages={576--596},
  year={1995},
  publisher={FASEB}
}
@book{foreman2010textbook,
  title={Textbook of receptor pharmacology},
  author={Foreman, John C and Johansen, Torben and Gibb, Alasdair J},
  year={2010},
  publisher={CRC press}
}
@incollection{wiseman2010ef2k,
  title={The EF2K/MHCK/TRPM7 family of atypical protein kinases},
  author={Wiseman, Shari L and Wei, Fan Yan and Nairn, Angus C},
  booktitle={Handbook of Cell Signaling, 2/e},
  year={2010},
  publisher={Elsevier Inc.}
}
@misc{lorenzen2014hdx,
  title={HDX-MS takes centre stage at unravelling kinase dynamics},
  author={Lorenzen, Kristina and Pawson, Tony},
  year={2014},
  publisher={Portland Press Limited}
}
@article{hantschel2004regulation,
  title={Regulation of the c-Abl and Bcr-Abl tyrosine kinases},
  author={Hantschel, Oliver and Superti-Furga, Giulio},
  journal={Nature reviews. Molecular cell biology},
  volume={5},
  number={1},
  pages={33},
  year={2004},
  publisher={Nature Publishing Group}
}
@article{wu2015allosteric,
  title={Allosteric small-molecule kinase inhibitors},
  author={Wu, Peng and Clausen, Mads H and Nielsen, Thomas E},
  journal={Pharmacology \& therapeutics},
  volume={156},
  pages={59--68},
  year={2015},
  publisher={Elsevier}
}
@article{hu2017mapping,
  title={Mapping of inhibitors and activity data to the human kinome and exploring promiscuity from a ligand and target perspective},
  author={Hu, Ye and Kunimoto, Ryo and Bajorath, J{\"u}rgen},
  journal={Chemical biology \& drug design},
  volume={89},
  number={6},
  pages={834--845},
  year={2017},
  publisher={Wiley Online Library}
}
@article{zhang2008turning,
  title={Turning promiscuous kinase inhibitors into safer drugs},
  author={Zhang, Xi and Crespo, Alejandro and Fern{\'a}ndez, Ariel},
  journal={Trends in biotechnology},
  volume={26},
  number={6},
  pages={295--301},
  year={2008},
  publisher={Elsevier}
}
@article{menche2015uncovering,
  title={Uncovering disease-disease relationships through the incomplete interactome},
  author={Menche, J{\"o}rg and Sharma, Amitabh and Kitsak, Maksim and Ghiassian, Susan Dina and Vidal, Marc and Loscalzo, Joseph and Barab{\'a}si, Albert-L{\'a}szl{\'o}},
  journal={Science},
  volume={347},
  number={6224},
  pages={1257601},
  year={2015},
  publisher={American Association for the Advancement of Science}
}
@article{moya2017structural,
  title={Structural and functional view of polypharmacology},
  author={Moya-Garc{\'\i}a, Aurelio and Adeyelu, Tolulope and Kruger, Felix A and Dawson, Natalie L and Lees, Jon G and Overington, John P and Orengo, Christine and Ranea, Juan AG},
  journal={Scientific Reports},
  volume={7},
  year={2017},
  publisher={Nature Publishing Group}
}
@article{yu2007importance,
  title={The importance of bottlenecks in protein networks: correlation with gene essentiality and expression dynamics},
  author={Yu, Haiyuan and Kim, Philip M and Sprecher, Emmett and Trifonov, Valery and Gerstein, Mark},
  journal={PLoS computational biology},
  volume={3},
  number={4},
  pages={e59},
  year={2007},
  publisher={Public Library of Science}
}

@article{li2006cd,
  title={Cd-hit: a fast program for clustering and comparing large sets of protein or nucleotide sequences},
  author={Li, Weizhong and Godzik, Adam},
  journal={Bioinformatics},
  volume={22},
  number={13},
  pages={1658--1659},
  year={2006},
  publisher={Oxford University Press}
}
@article{li2016human,
  title={The human kinome targeted by FDA approved multi-target drugs and combination products: a comparative study from the drug-target interaction network perspective},
  author={Li, Ying Hong and Wang, Pan Pan and Li, Xiao Xu and Yu, Chun Yan and Yang, Hong and Zhou, Jin and Xue, Wei Wei and Tan, Jun and Zhu, Feng},
  journal={PloS one},
  volume={11},
  number={11},
  pages={e0165737},
  year={2016},
  publisher={Public Library of Science}
}
@article{orengo199636,
  title={[36] SSAP: sequential structure alignment program for protein structure comparison},
  author={Orengo, Christine A and Taylor, William R},
  journal={Methods in enzymology},
  volume={266},
  pages={617--635},
  year={1996},
  publisher={Elsevier}
}

@Misc{MartinProFit2009,
	author = {Martin, A.C.R},
	title = {ProFit program using McLachlan algorithm},
	howpublished = {http://www.bioinf.org.uk/software/profit},
	year = {2009}
}
@article{szklarczyk2014string,
  title={STRING v10: protein--protein interaction networks, integrated over the tree of life},
  author={Szklarczyk, Damian and Franceschini, Andrea and Wyder, Stefan and Forslund, Kristoffer and Heller, Davide and Huerta-Cepas, Jaime and Simonovic, Milan and Roth, Alexander and Santos, Alberto and Tsafou, Kalliopi P and others},
  journal={Nucleic acids research},
  volume={43},
  number={D1},
  pages={D447--D452},
  year={2014},
  publisher={Oxford University Press}
}
@article{perez2015targets,
  title={Targets of drugs are generally, and targets of drugs having side effects are specifically good spreaders of human interactome perturbations},
  author={Perez-Lopez, {\'A}ron R and Szalay, Krist{\'o}f Z and T{\"u}rei, D{\'e}nes and M{\'o}dos, Dezs{\H{o}} and Lenti, Katalin and Korcsm{\'a}ros, Tam{\'a}s and Csermely, Peter},
  journal={Scientific reports},
  volume={5},
  pages={10182},
  year={2015},
  publisher={Nature Publishing Group}
}
@article{santos2017comprehensive,
  title={A comprehensive map of molecular drug targets},
  author={Santos, Rita and Ursu, Oleg and Gaulton, Anna and Bento, A Patr{\'\i}cia and Donadi, Ramesh S and Bologa, Cristian G and Karlsson, Anneli and Al-Lazikani, Bissan and Hersey, Anne and Oprea, Tudor I and others},
  journal={Nature reviews Drug discovery},
  volume={16},
  number={1},
  pages={19--34},
  year={2017},
  publisher={Nature Research}
}
@article{capriotti2006predicting,
  title={Predicting the insurgence of human genetic diseases associated to single point protein mutations with support vector machines and evolutionary information},
  author={Capriotti, Emidio and Calabrese, Remo and Casadio, Rita},
  journal={Bioinformatics},
  volume={22},
  number={22},
  pages={2729--2734},
  year={2006},
  publisher={Oxford University Press}
}
@article{bamford2004cosmic,
  title={The COSMIC (Catalogue of Somatic Mutations in Cancer) database and website},
  author={Bamford, Sally and Dawson, E and Forbes, Simon and Clements, Jody and Pettett, Roger and Dogan, Ahmet and Flanagan, A and Teague, Jon and Futreal, P Andrew and Stratton, Michael R and others},
  journal={British journal of cancer},
  volume={91},
  number={2},
  pages={355},
  year={2004},
  publisher={Nature Publishing Group}
}
@article{miranda2007classification,
  title={Classification and functional annotation of eukaryotic protein kinases},
  author={Miranda-Saavedra, Diego and Barton, Geoffrey J},
  journal={Proteins: Structure, Function, and Bioinformatics},
  volume={68},
  number={4},
  pages={893--914},
  year={2007},
  publisher={Wiley Online Library}
}
@article{martin2008kinomer,
  title={Kinomer v. 1.0: a database of systematically classified eukaryotic protein kinases},
  author={Martin, David MA and Miranda-Saavedra, Diego and Barton, Geoffrey J},
  journal={Nucleic acids research},
  volume={37},
  number={suppl\_1},
  pages={D244--D250},
  year={2008},
  publisher={Oxford University Press}
}
@article{martin2010classification,
  title={Classification of protein kinases on the basis of both kinase and non-kinase regions},
  author={Martin, Juliette and Anamika, Krishanpal and Srinivasan, Narayanaswamy},
  journal={PloS one},
  volume={5},
  number={9},
  pages={e12460},
  year={2010},
  publisher={Public Library of Science}
}
@article{giansanti2014evaluating,
  title={Evaluating the promiscuous nature of tyrosine kinase inhibitors assessed in A431 epidermoid carcinoma cells by both chemical-and phosphoproteomics},
  author={Giansanti, Piero and Preisinger, Christian and Huber, Kilian VM and Gridling, Manuela and Superti-Furga, Giulio and Bennett, Keiryn L and Heck, Albert JR},
  journal={ACS chemical biology},
  volume={9},
  number={7},
  pages={1490--1498},
  year={2014},
  publisher={ACS Publications}
}
@article{huang2009kinase,
  title={Kinase selectivity potential for inhibitors targeting the ATP binding site: a network analysis},
  author={Huang, Danzhi and Zhou, Ting and Lafleur, Karine and Nevado, Cristina and Caflisch, Amedeo},
  journal={Bioinformatics},
  volume={26},
  number={2},
  pages={198--204},
  year={2009},
  publisher={Oxford University Press}
}